@online{korgBerlin,
    author    = "KORG Germany GmbH",
    title     = "KORG Berlin",
    url       = "https://korg.berlin/",
    keywords  = {KORG, Berlin}
}

@online{ciatLonbarde,
    author    = "Peter Blasser",
    title     = "Ciat-Lonbarde",
    url       = "https://www.ciat-lonbarde.net/",
    keywords  = {Ciat-Lonbarde, Peter, Blasser}
}

@online{misaa,
    author    = "Matías Serrano",
    title     = "misaa",
    url       = "https://misaa.cc/",
    keywords  = {Matías,  Serrano}
}

@online{tht,
    author    = "Wikipedia",
    title     = "Through-hole technology",
    url       = "https://en.wikipedia.org/wiki/Through-hole_technology",
    keywords  = {THT,  Through-hole}
}

@online{smt,
    author    = "Wikipedia",
    title     = "Through-hole technology",
    url       = "https://en.wikipedia.org/wiki/Surface-mount_technology",
    keywords  = {SMT,  Surface-mount}
}

@online{mariaJoseContreras,
    author    = "María José Contreras",
    title     = "María José Contreras Lorenzini",
    url       = "https://www.mariajosecontreras.com/",
    keywords  = {María José, Contreras}
}