@book{ordinaryVicesShklar,
    author = "Judith N. Shklar",
    title = "Ordinary Vices",
    publisher = "Harvard University Press",
    year = "1984"
}

@phdthesis{trustBetrayalJacoby,
    author = "Brennan Michael Jacoby",
    title = "Trust and Betrayal: A Conceptual Analysis",
    school = "Macquarie University",
    year = "2011"
}

@book{betrayalBetrayersAkerstrom,
    author = "Malin Åkerström",
    title = "Betrayal and Betrayers: The Sociology of Treachery",
    publisher = "Transaction Publishers",
    year = "2017"
}

@online{administrar,
    author    = "Real Academia de la Lengua Española",
    title     = "administrar",
    url       = "https://dle.rae.es/administrar",
    keywords  = {administrar}
}

@online{raspberryPi,
    author    = "Raspberry Pi",
    title     = "Raspberry Pi",
    url       = "https://www.raspberrypi.com/",
    keywords  = {Raspberry, Pi}
}

@online{cpp,
    author    = "Standard C++ Foundation",
    title     = "C++",
    url       = "https://isocpp.org/",
    keywords  = {Cpp}
}

@online{python,
    author    = "Python Software Foundation",
    title     = "Python",
    url       = "https://www.python.org/",
    keywords  = {Python}
}


<https://nostarch.com/art-arm-assembly-volume-1>
No Starch Press
Lauren Lee McCarthy
Sam Lavigne y Tega Brain
Sasha Costanza-Chock