@book{ordinaryVicesShklar,
    author = "Judith N. Shklar",
    title = "Ordinary Vices",
    publisher = "Harvard University Press",
    year = "1984"
}

@phdthesis{trustBetrayalJacoby,
    author = "Brennan Michael Jacoby",
    title = "Trust and Betrayal: A Conceptual Analysis",
    school = "Macquarie University",
    year = "2011"
}

@book{betrayalBetrayersAkerstrom,
    author = "Malin Åkerström",
    title = "Betrayal and Betrayers: The Sociology of Treachery",
    publisher = "Transaction Publishers",
    year = "2017"
}

@online{administrar,
    author    = "Real Academia de la Lengua Española",
    title     = "administrar",
    url       = "https://dle.rae.es/administrar",
    keywords  = {administrar}
}

@online{raspberryPi,
    author    = "Raspberry Pi",
    title     = "Raspberry Pi",
    url       = "https://www.raspberrypi.com/",
    keywords  = {Raspberry, Pi}
}

@online{cpp,
    author    = "Standard C++ Foundation",
    title     = "C++",
    url       = "https://isocpp.org/",
    keywords  = {Cpp}
}

@online{python,
    author    = "Python Software Foundation",
    title     = "Python",
    url       = "https://www.python.org/",
    keywords  = {Python}
}

@online{sourceForgeWiki,
    author    = "Wikipedia",
    title     = "Sourceforge - Installer with adware",
    url       = "https://en.wikipedia.org/wiki/SourceForge#Installer_with_adware",
    keywords  = {Sourceforge}
}

@online{sourceForgeArs,
    author    = "Sean Gallagher",
    title     = "SourceForge locked in projects of fleeing users, cashed in on malvertising",
    url       = "https://arstechnica.com/information-technology/2015/06/sourceforge-locked-in-projects-of-fleeing-users-cashed-in-on-malvertising/",
    keywords  = {Sourceforge}
}

@online{guardianProject,
    author    = "Guardian Project",
    title     = "Guardian Project",
    url       = "https://guardianproject.info/",
    keywords  = {Guardian Project}
}

@online{signal,
    author    = "Signal",
    title     = "Signal",
    url       = "https://signal.org/",
    keywords  = {Signal}
}

@online{clawOfShame,
    author    = "Nathan Fielder",
    title     = "The Claw of Shame",
    url       = "https://www.imdb.com/title/tt2780878",
    keywords  = {Claw of Shame, Nathan Fielder}
}

@online{json,
    author    = "JSON",
    title     = "JSON",
    url       = "https://www.json.org/",
    keywords  = {JSON}
}

@online{traicionarpyGitHub,
    author    = "Aarón Montoya-Moraga",
    title     = "traicionarpy",
    url       = "https://github.com/montoyamoraga/traicionarpy",
    keywords  = {traicionarpy}
}

@online{traicionarPyPI,
    author    = "Aarón Montoya-Moraga",
    title     = "traicionarpy",
    url       = "https://github.com/montoyamoraga/traicionarpy",
    keywords  = {traicionarpy}
}

@online{cairoGraphics,
    author    = "cairo",
    title     = "cairo",
    url       = "https://www.cairographics.org/",
    keywords  = {cairo}
}

@online{secureDrop,
    author    = "SecureDrop",
    title     = "SecureDrop",
    url       = "https://securedrop.org",
    keywords  = {SecureDrop}
}



https://pypi.org/project/traicionar/

<https://nostarch.com/art-arm-assembly-volume-1>
No Starch Press
Lauren Lee McCarthy
Sam Lavigne y Tega Brain
Sasha Costanza-Chock